@article{levins1966strategy,
  title={The strategy of model building in population biology},
  author={Levins, Richard},
  journal={American scientist},
  volume={54},
  number={4},
  pages={421--431},
  year={1966},
  publisher={JSTOR}
}

@article{BUCHANAN1997313,
title = {When is simple good enough: a comparison of the Gompertz, Baranyi, and three-phase linear models for fitting bacterial growth curves},
journal = {Food Microbiology},
volume = {14},
number = {4},
pages = {313-326},
year = {1997},
issn = {0740-0020},
doi = {https://doi.org/10.1006/fmic.1997.0125},
url = {https://www.sciencedirect.com/science/article/pii/S0740002097901258},
author = {R.L Buchanan and R.C Whiting and W.C Damert}
}

@article{JOHNSON2004101,
title = {Model selection in ecology and evolution},
journal = {Trends in Ecology & Evolution},
volume = {19},
number = {2},
pages = {101-108},
year = {2004},
issn = {0169-5347},
doi = {https://doi.org/10.1016/j.tree.2003.10.013},
url = {https://www.sciencedirect.com/science/article/pii/S0169534703003458},
author = {Jerald B. Johnson and Kristian S. Omland}
}